<?xml version="1.0" encoding="UTF-8" ?><marc:collection xmlns:marc="http://www.loc.gov/MARC21/slim" xmlns:xsi="http://www.w3.org/2001/XMLSchema-instance" xsi:schemaLocation="http://www.loc.gov/MARC21/slim http://www.loc.gov/standards/marcxml/schema/MARC21slim.xsd">
<marc:record><marc:leader>01631cam a2200325Ia 4500</marc:leader>
<marc:controlfield tag="001">b14011724</marc:controlfield>
<marc:controlfield tag="003">UaCaAUL</marc:controlfield><marc:controlfield tag="005">20071003050015.0</marc:controlfield><marc:controlfield tag="008">890514s1938    xx            000 0 arar </marc:controlfield><marc:datafield tag="010" ind1=" " ind2=" "><marc:subfield code="a">75960986</marc:subfield></marc:datafield><marc:datafield tag="035" ind1=" " ind2=" "><marc:subfield code="a">(OCoLC)23496878</marc:subfield></marc:datafield><marc:datafield tag="040" ind1=" " ind2=" "><marc:subfield code="a">DLC</marc:subfield><marc:subfield code="c">EYM</marc:subfield><marc:subfield code="d">ORZ</marc:subfield><marc:subfield code="d">OCL</marc:subfield></marc:datafield><marc:datafield tag="066" ind1=" " ind2=" "><marc:subfield code="c">(3</marc:subfield></marc:datafield><marc:datafield tag="090" ind1=" " ind2=" "><marc:subfield code="a">BP80.I29</marc:subfield><marc:subfield code="b">I2x 1938</marc:subfield></marc:datafield><marc:datafield tag="100" ind1="1" ind2=" "><marc:subfield code="6">880-01</marc:subfield><marc:subfield code="a">Ibn Qudāmah al-Maqdisī, Muḥammad ibn Aḥmad,</marc:subfield><marc:subfield code="d">ca. 1306-1344.</marc:subfield></marc:datafield><marc:datafield tag="245" ind1="1" ind2="3"><marc:subfield code="6">880-02</marc:subfield><marc:subfield code="a">al-ʻUqūd al-durrīyah :</marc:subfield><marc:subfield code="b">min manāqib shaykh al-Islām Ahṃad ibn Taymīyah /</marc:subfield><marc:subfield code="c">taʼlīf Abī ʻAbd Allāh Muhạmmad ibn Ahṃad ibn ʻAbd al-Hādī ; bi-tahqị̄q Muhạmmad Hạm̄id al-Fiqī.</marc:subfield></marc:datafield><marc:datafield tag="260" ind1=" " ind2=" "><marc:subfield code="6">880-03</marc:subfield><marc:subfield code="a">Bayrūt :</marc:subfield><marc:subfield code="b">Dār al-Kutub al-ʻIlmīyah,</marc:subfield><marc:subfield code="c">[1938]</marc:subfield></marc:datafield><marc:datafield tag="300" ind1=" " ind2=" "><marc:subfield code="a">16, 516 p. ;</marc:subfield><marc:subfield code="c">20 cm.</marc:subfield></marc:datafield><marc:datafield tag="500" ind1=" " ind2=" "><marc:subfield code="a">Introduction dated: 1938.</marc:subfield></marc:datafield><marc:datafield tag="600" ind1="1" ind2="0"><marc:subfield code="6">880-04</marc:subfield><marc:subfield code="a">Ibn Taymīyah, Aḥmad ibn ʻAbd al-Ḥalīm,</marc:subfield><marc:subfield code="d">1263-1328.</marc:subfield></marc:datafield><marc:datafield tag="700" ind1="1" ind2=" "><marc:subfield code="6">880-05</marc:subfield><marc:subfield code="a">Fiqī, Muḥammad Ḥāmid.</marc:subfield></marc:datafield><marc:datafield tag="880" ind1="1" ind2=" "><marc:subfield code="6">100-01/(3/r</marc:subfield><marc:subfield code="a">ابن قدامة المقدسي: محمد بن احمد...</marc:subfield></marc:datafield><marc:datafield tag="880" ind1="1" ind2="2"><marc:subfield code="6">245-02/(3/r</marc:subfield><marc:subfield code="a">العقود الدرية :‪</marc:subfield><marc:subfield code="b">من مناقب شيخ الاسلام احمد بن تيمية /‪</marc:subfield><marc:subfield code="c">تأليف ابي عبد الله محمد بن احمد بن عبد الهادي ؛ بتحقيق محمد حامد الفقي...</marc:subfield></marc:datafield><marc:datafield tag="880" ind1=" " ind2=" "><marc:subfield code="6">260-03/(3/r</marc:subfield><marc:subfield code="a">بيروت :‪</marc:subfield><marc:subfield code="b">دار الكتب العلمية:‪</marc:subfield><marc:subfield code="c">[1938]</marc:subfield></marc:datafield><marc:datafield tag="880" ind1="1" ind2="0"><marc:subfield code="6">600-04/(3/r</marc:subfield><marc:subfield code="a">ابن تيمية: احمد بن عبد الحليم...</marc:subfield></marc:datafield><marc:datafield tag="880" ind1="1" ind2=" "><marc:subfield code="6">700-05/(3/r</marc:subfield><marc:subfield code="a">فقي: محمد حامد...</marc:subfield></marc:datafield><marc:datafield tag="907" ind1=" " ind2=" "><marc:subfield code="a">.b14011724</marc:subfield><marc:subfield code="b">main </marc:subfield></marc:datafield><marc:datafield tag="902" ind1=" " ind2=" "><marc:subfield code="a">170327</marc:subfield></marc:datafield><marc:datafield tag="998" ind1=" " ind2=" "><marc:subfield code="b">1</marc:subfield><marc:subfield code="c">071003</marc:subfield><marc:subfield code="d">m</marc:subfield><marc:subfield code="e">a</marc:subfield><marc:subfield code="f">-</marc:subfield><marc:subfield code="g">3</marc:subfield><marc:subfield code="k">MAH</marc:subfield></marc:datafield><marc:datafield tag="945" ind1=" " ind2=" "><marc:subfield code="l">main </marc:subfield></marc:datafield></marc:record>
</marc:collection>
